<record><leader>00000cas a22000007a 4500</leader><controlfield tag="001">9858890</controlfield><controlfield tag="008">830829d18751886vi dn ne      0   a0eng d</controlfield><datafield ind1=" " ind2=" " tag="010"><subfield code="a">sn 83025883 </subfield></datafield><datafield ind1=" " ind2=" " tag="040"><subfield code="a">NPV</subfield><subfield code="b">eng</subfield><subfield code="c">NPV</subfield><subfield code="d">DLC</subfield><subfield code="d">NYG</subfield><subfield code="d">OCLCQ</subfield><subfield code="d">DLC</subfield></datafield><datafield ind1="0" ind2=" " tag="041"><subfield code="a">eng</subfield><subfield code="a">spa</subfield></datafield><datafield ind1=" " ind2=" " tag="042"><subfield code="a">msc</subfield></datafield><datafield ind1=" " ind2=" " tag="045"><subfield code="a">w7w-</subfield></datafield><datafield ind1="0" ind2="0" tag="050"><subfield code="a">Newspaper 10025</subfield></datafield><datafield ind1=" " ind2=" " tag="052"><subfield code="a">5012</subfield><subfield code="b">S2</subfield></datafield><datafield ind1="0" ind2=" " tag="130"><subfield code="a">Bulletin (Saint Thomas, United States Virgin Islands : 1875)</subfield></datafield><datafield ind1="1" ind2="4" tag="245"><subfield code="a">The bulletin.</subfield></datafield><datafield ind1="1" ind2="3" tag="246"><subfield code="a">St. Thomas commercial and shipping gazette</subfield></datafield><datafield ind1="1" ind2="3" tag="246"><subfield code="a">Saint Thomas commercial and shipping gazette</subfield></datafield><datafield ind1="1" ind2="3" tag="246"><subfield code="a">Bulletin with which is incorporated the St. Thomas commercial and shipping gazette</subfield></datafield><datafield ind1="1" ind2="3" tag="246"><subfield code="a">Bulletin with which is incorporated the Saint Thomas commercial and shipping gazette</subfield></datafield><datafield ind1=" " ind2=" " tag="260"><subfield code="a">St. Thomas [V.I.] :</subfield><subfield code="b">August Walloe</subfield></datafield><datafield ind1=" " ind2=" " tag="300"><subfield code="a">v. :</subfield><subfield code="b">ill. (chiefly advertisements) ;</subfield><subfield code="c">42 cm.</subfield></datafield><datafield ind1=" " ind2=" " tag="310"><subfield code="a">Daily (except Sun.)</subfield></datafield><datafield ind1="1" ind2=" " tag="362"><subfield code="a">Began in 1875.</subfield><subfield code="z">Cf. Gregory, W. Amer. newspapers.</subfield></datafield><datafield ind1="1" ind2=" " tag="362"><subfield code="a">Ceased in 1886?</subfield></datafield><datafield ind1=" " ind2=" " tag="500"><subfield code="a">Sometimes published as: Bulletin with which is incorporated the St. Thomas commercial and shipping gazette &lt;, Arp. 10, May 1, June 8, July 31, 1878.</subfield></datafield><datafield ind1=" " ind2=" " tag="500"><subfield code="a">"The first daily newspaper to come into existence into St. Thomas, was The Bulletin." Cf. Adams, A. "Is the Bulletin worth living?-An appeal." The Bulletin, 66th year (Feb. 27, 1940):p. 1.</subfield></datafield><datafield ind1=" " ind2=" " tag="500"><subfield code="a">Extras accompany some numbers.</subfield></datafield><datafield ind1=" " ind2=" " tag="546"><subfield code="a">In English and Spanish.</subfield></datafield><datafield ind1=" " ind2=" " tag="588"><subfield code="a">Description based on: Vol. 1, no. 139 (June 26, 1876).</subfield></datafield><datafield ind1="1" ind2=" " tag="700"><subfield code="a">Walloe, August.</subfield></datafield><datafield ind1=" " ind2=" " tag="752"><subfield code="a">United States</subfield><subfield code="b">Virgin Islands</subfield><subfield code="c">Saint Thomas</subfield><subfield code="d">Saint Thomas.</subfield></datafield><datafield ind1="0" ind2="0" tag="785"><subfield code="t">Bulletin with which is incorporated the St. Thomas commercial and shipping gazette</subfield><subfield code="w">(DLC)sn 84037513</subfield></datafield></record>